% References go here. All citation counts are provided
% by Google Scholar on the accessed date. References should
% be preceeded by such a count, as well as a shourt discussion
% about the trustworthyness of the source.


%=================================
%      CLUSTERING ALGORITHMS
%=================================

% Cited by 6732 (2015-03-20)
% Very trustworthy source, since it describes a popular algorithm,
% it is "the truth" about the algorithm
@inproceedings{DBSCAN,
  title={A density-based algorithm for discovering clusters in large spatial databases with noise.},
  author={Ester, Martin and Kriegel, Hans-Peter and Sander, J{\"o}rg and Xu, Xiaowei},
  booktitle={Kdd},
  volume={96},
  number={34},
  pages={226--231},
  year={1996}
}

% Cited by 2026 (2015-03-20)
@inproceedings{OPTICS,
  title={OPTICS: ordering points to identify the clustering structure},
  author={Ankerst, Mihael and Breunig, Markus M and Kriegel, Hans-Peter and Sander, J{\"o}rg},
  booktitle={ACM Sigmod Record},
  volume={28},
  number={2},
  pages={49--60},
  year={1999},
  organization={ACM}
}

@article{CLARANS,
  title={Clarans: A method for clustering objects for spatial data mining},
  author={Ng, Raymond T. and Han, Jiawei},
  journal={Knowledge and Data Engineering, IEEE Transactions on},
  volume={14},
  number={5},
  pages={1003--1016},
  year={2002},
  publisher={IEEE}
}

@article{Ejcluster,
  title={A dynamic approach for clustering data},
  author={Garcia, JA and Fdez-Valdivia, J and Cortijo, FJ and Molina, R},
  journal={Signal Processing},
  volume={44},
  number={2},
  pages={181--196},
  year={1995},
  publisher={Elsevier}
}

@inproceedings{clusterpath,
  title={Clusterpath an algorithm for clustering using convex fusion penalties},
  author={Hocking, Toby Dylan and Joulin, Armand and Bach, Francis and Vert, Jean-Philippe},
  booktitle={28th international conference on machine learning},
  pages={1},
  year={2011}
}

@article{SLINK,
  title={SLINK: an optimally efficient algorithm for the single-link cluster method},
  author={Sibson, Robin},
  journal={The Computer Journal},
  volume={16},
  number={1},
  pages={30--34},
  year={1973},
  publisher={Br Computer Soc}
}

% Cited by 4648 (2015-05-12)
% The most common clustering algorithm origins.
@article{k-means,
  title={Algorithm AS 136: A k-means clustering algorithm},
  author={Hartigan, John A and Wong, Manchek A},
  journal={Applied statistics},
  pages={100--108},
  year={1979},
  publisher={JSTOR}
}

@article{k-means-complexity,
  title={NP-hardness of Euclidean sum-of-squares clustering},
  author={Aloise, Daniel and Deshpande, Amit and Hansen, Pierre and Popat, Preyas},
  journal={Machine Learning},
  volume={75},
  number={2},
  pages={245--248},
  year={2009},
  publisher={Springer}
}

% Cited by 299 (2015-03-20)
% I agree on several points, critically evaluates the current
% conventions of clustering algorithms and does it well with
% a well argumented case. Some spelling errors after 35 
% revisions, seems weird.
@article{why-so-many-clustering-algorithms,
  title={Why so many clustering algorithms: a position paper},
  author={Estivill-Castro, Vladimir},
  journal={ACM SIGKDD Explorations Newsletter},
  volume={4},
  number={1},
  pages={65--75},
  year={2002},
  publisher={ACM}
}

% Cited by 10517 (2015-03-20)
% A must-read for anyone claiming to know something about 
% cluster analysis. Provides the basics and is "the book" on
% the subject. 
@book{finding-groups-in-data,
  title={Finding groups in data: an introduction to cluster analysis},
  author={Kaufman, Leonard and Rousseeuw, Peter J},
  volume={344},
  year={2009},
  publisher={John Wiley \& Sons}
}

%
%
% 
@article{silhouettes,
  title={Silhouettes: a graphical aid to the interpretation and validation of cluster analysis},
  author={Rousseeuw, Peter J},
  journal={Journal of computational and applied mathematics},
  volume={20},
  pages={53--65},
  year={1987},
  publisher={Elsevier}
}

@incollection{twitter-geo,
  title={Geo-spatial event detection in the twitter stream},
  author={Walther, Maximilian and Kaisser, Michael},
  booktitle={Advances in Information Retrieval},
  pages={356--367},
  year={2013},
  publisher={Springer}
}

@article{R-trees,
 author = {Guttman, Antonin},
 title = {R-trees: A Dynamic Index Structure for Spatial Searching},
 journal = {SIGMOD Rec.},
 issue_date = {June 1984},
 volume = {14},
 number = {2},
 month = jun,
 year = {1984},
 issn = {0163-5808},
 pages = {47--57},
 numpages = {11},
 url = {http://doi.acm.org/10.1145/971697.602266},
% doi = {10.1145/971697.602266},
 acmid = {602266},
 publisher = {ACM},
 address = {New York, NY, USA},
}

@article{iphone-wifi,
  title={Accuracy of iPhone locations: A comparison of assisted GPS, WiFi and cellular positioning},
  author={Zandbergen, Paul A},
  journal={Transactions in GIS},
  volume={13},
  number={s1},
  pages={5--25},
  year={2009},
  publisher={Wiley Online Library}
}

@inproceedings{hierarchical-evaluation,
  title={Evaluation of hierarchical clustering algorithms for document datasets},
  author={Zhao, Ying and Karypis, George},
  booktitle={Proceedings of the eleventh international conference on Information and knowledge management},
  pages={515--524},
  year={2002},
  organization={ACM}
}

@book{R*-trees,
  title={The R*-tree: an efficient and robust access method for points and rectangles},
  author={Beckmann, Norbert and Kriegel, Hans-Peter and Schneider, Ralf and Seeger, Bernhard},
  volume={19},
  number={2},
  year={1990},
  publisher={ACM}
}

@article{bayesian-class-gauss-proc,
  title={Bayesian classification with Gaussian processes},
  author={Williams, Christopher KI and Barber, David},
  journal={Pattern Analysis and Machine Intelligence, IEEE Transactions on},
  volume={20},
  number={12},
  pages={1342--1351},
  year={1998},
  publisher={IEEE}
}

@inproceedings{content-based-classification,
  title={Content-based hierarchical classification of vacation images},
  author={Vailaya, Aditya and Figueiredo, Mario and Jain, Anil and Zhang, HongJiang},
  booktitle={Multimedia Computing and Systems, 1999. IEEE International Conference on},
  volume={1},
  pages={518--523},
  year={1999},
  organization={IEEE}
}

@inproceedings{framework-classification,
  title={Bayesian framework for semantic classification of outdoor vacation images},
  author={Vailaya, Aditya and Figueiredo, Mario AT and Jain, Anil K and Zhang, HongJiang},
  booktitle={Electronic Imaging'99},
  pages={415--426},
  year={1998},
  organization={International Society for Optics and Photonics}
}

@incollection{discovering-moving-clusters,
  title={On discovering moving clusters in spatio-temporal data},
  author={Kalnis, Panos and Mamoulis, Nikos and Bakiras, Spiridon},
  booktitle={Advances in spatial and temporal databases},
  pages={364--381},
  year={2005},
  publisher={Springer}
}

@incollection{DE-9IM,
  title={Dimensionally Extended Nine-Intersection Model (DE-9IM)},
  author={Strobl, Christian},
  booktitle={Encyclopedia of GIS},
  pages={240--245},
  year={2008},
  publisher={Springer}
}

@inproceedings{P-DBSCAN,
  title={P-DBSCAN: a density based clustering algorithm for exploration and analysis of attractive areas using collections of geo-tagged photos},
  author={Kisilevich, Slava and Mansmann, Florian and Keim, Daniel},
  booktitle={Proceedings of the 1st international conference and exhibition on computing for geospatial research \& application},
  pages={38},
  year={2010},
  organization={ACM}
}

@article{the-most-dangerous-equation,
  title={The Most Dangerous Equation Ignorance of how sample size affects statistical variation has created havoc for nearly a millennium},
  author={Wainer, Howard},
  journal={American Scientist},
  volume={95},
  number={3},
  pages={249--256},
  year={2007},
  publisher={Sigma Xi Scientific Research Society}
}

@online{bayesian-methods-for-hackers,
  author = {Cam Davidson-Pilon},
  title = {Probabilistic Programming \& Bayesian Methods for Hackers},
  url = {http://camdavidsonpilon.github.io/Probabilistic-Programming-and-Bayesian-Methods-for-Hackers/},
  urldate = {2015-04-02}
}

@book{bayesian-theory,
  title={Bayesian theory},
  author={Bernardo, Jos{\'e} M and Smith, Adrian FM},
  volume={405},
  year={2009},
  publisher={John Wiley \& Sons}
}

@online{pymc,
  author = {Christopher J. Fonnesbeck},
  title = {PyMC User's Guide},
  year = 2014,
  url = {http://pymc-devs.github.io/pymc/},
  urldate = {2015-04-06}
}

@online{pointer-representation,
  author = {Richard Tsai},
  title = {Richard's Blog - GSoC2014: Recent progress},
  year = 2014,
  url = {http://richardtsai.me/posts/gsoc14-recent-progress},
  urldate = {2015-05-03}
}

@inproceedings{haversine,
  title={Deriving the haversine formula},
  author={Rick, Doctor},
  booktitle={The Math Forum, April},
  year={1999}
}

@book{ethics-of-big-data,
  title={Ethics of Big Data: Balancing risk and innovation},
  author={Davis, Kord},
  year={2012},
  publisher={" O'Reilly Media, Inc."}
}

@online{whats-up-with-big-data-ethics,
  author = {King, Jonathan H and Richards, Neil M},
  title = {Whatâ€™s Up With Big Data Ethics?},
  year = 2014,
  url = {http://www.forbes.com/sites/oreillymedia/2014/03/28/whats-up-with-big-data-ethics/},
  urldate = {2015-05-17}
}

@article{rtree-bulk-insert,
  title={Execution time analysis of a top-down R-tree construction algorithm},
  author={Alborzi, Houman and Samet, Hanan},
  journal={Information processing letters},
  volume={101},
  number={1},
  pages={6--12},
  year={2007},
  publisher={Elsevier}
}